<?xml version="1.0" encoding="UTF-8"?><record xmlns="http://www.loc.gov/MARC21/slim" xmlns:cinclude="http://apache.org/cocoon/include/1.0" xmlns:zs="http://www.loc.gov/zing/srw/">
  <leader>00514cz  a2200145n  4500</leader>
  <controlfield tag="001">no2011028654</controlfield>
  <controlfield tag="003">DLC</controlfield>
  <controlfield tag="005">20110908075312.0</controlfield>
  <controlfield tag="008">110223n| acannaabn          |a aaa     c</controlfield>
  <datafield tag="010" ind1=" " ind2=" ">
    <subfield code="a">no2011028654</subfield>
  </datafield>
  <datafield tag="035" ind1=" " ind2=" ">
    <subfield code="a">(OCoLC)oca08776893</subfield>
  </datafield>
  <datafield tag="040" ind1=" " ind2=" ">
    <subfield code="a">NjP</subfield>
    <subfield code="b">eng</subfield>
    <subfield code="c">NjP</subfield>
    <subfield code="d">DLC</subfield>
  </datafield>
  <datafield tag="100" ind1="1" ind2=" ">
    <subfield code="a">Savoia, Maria Pia di,</subfield>
    <subfield code="d">1934-</subfield>
  </datafield>
  <datafield tag="400" ind1="1" ind2=" ">
    <subfield code="a">Di Savoia, Maria Pia,</subfield>
    <subfield code="d">1934-</subfield>
  </datafield>
  <datafield tag="670" ind1=" " ind2=" ">
    <subfield code="a">La mia vita, i miei ricordi, 2010:</subfield>
    <subfield code="b">t.p. (Maria Pia di Savoia) p. 10 (b. Sept. 24, 1934) p. 6 (first-born child of Umberto II, king of Italy, and Maria JoseĚ)</subfield>
  </datafield>
</record>